<?xml version="1.0" encoding="UTF-8"?><record xmlns="http://www.loc.gov/MARC21/slim" xmlns:cinclude="http://apache.org/cocoon/include/1.0" xmlns:zs="http://www.loc.gov/zing/srw/">
  <leader>00523nz  a2200145n  4500</leader>
  <controlfield tag="001">nr 98021561 </controlfield>
  <controlfield tag="003">DLC</controlfield>
  <controlfield tag="005">19980611052049.8</controlfield>
  <controlfield tag="008">980609n| acannaab|          |a aac     c</controlfield>
  <datafield tag="010" ind1=" " ind2=" ">
    <subfield code="a">nr 98021561 </subfield>
  </datafield>
  <datafield tag="040" ind1=" " ind2=" ">
    <subfield code="a">NjP</subfield>
    <subfield code="c">NjP</subfield>
  </datafield>
  <datafield tag="100" ind1="1" ind2="0">
    <subfield code="a">Elnekave, Esterea</subfield>
  </datafield>
  <datafield tag="400" ind1="1" ind2="0">
    <subfield code="a">Elnekave, Estreya</subfield>
  </datafield>
  <datafield tag="670" ind1=" " ind2=" ">
    <subfield code="a">Mahkeme-yi Temyiz-i Hukuk Dairesi Riyaset-i Celilesine Salomon Elnekave - Madam Esterea davasına dair ... 1927</subfield>
    <subfield code="b">p. 3 (Madam Estreya Elnekave) p. 13 (daughter of Hayim Fresko)</subfield>
  </datafield>
  <datafield tag="675" ind1=" " ind2=" ">
    <subfield code="a">Büyük lûgat ve ansik.;</subfield>
    <subfield code="a">Türk ansik.</subfield>
  </datafield>
</record>